@ONLINE{lab-profile,
	title = {H\textsc{I} Profile Search},
	url = {https://www.astro.uni-bonn.de/hisurvey/euhou/LABprofile/index.php},
}

@ONLINE{lab-survey,
	title = {LAB Survey},
	url = {https://www.astro.uni-bonn.de/download/data/lab-survey/},
}

@ARTICLE{lab-kalberla,
	title = {The Leiden/Argentine/Bonn (LAB) Survey of Galactic HI.},
author = {{Kalberla}, P.~M.~W. and {Burton}, W.~B. and {Hartmann}, D. and 
  {Arnal}, E.~M. and {Bajaja}, E. and {Morras}, R. and {P{\"o}ppel}, W.~G.~L.
  },
	subtitle = {Final data release of the combined LDS and IAR surveys with improved stray-radiation corrections},
	year = {2005},
	journal = {Astronomy and Astrophysics},
	volume = {440},
	issue = {2},
	pages = {775--782},
	url = {http://adsabs.harvard.edu/abs/2005A%26A...440..775K},
}

@ONLINE{things_galaxies,
  title = {Spiral Galaxies in THINGS},
  url = {http://www.mpia.de/THINGS/Spiral_Galaxies.html},
}
@ONLINE{things_all,
  title = {Sample of THINGS Objects},
  url = {http://www.mpia.de/THINGS/Sample.html},
}

@ARTICLE{oort,
   author = {{Oort}, J.~H. and {Kerr}, F.~J. and {Westerhout}, G.},
    title = "{The galactic system as a spiral nebula (Council Note)}",
  journal = {Monthly Notices of the Royal Astronomical Society},
     year = 1958,
   volume = 118,
    pages = {379},
   adsurl = {http://adsabs.harvard.edu/abs/1958MNRAS.118..379O},
  adsnote = {Provided by the SAO/NASA Astrophysics Data System}
}
